<record><leader>00000cas a2200000   4500</leader><controlfield tag="001">5054149</controlfield><controlfield tag="008">790611d19781979vtumx ne     s0   a0eng d</controlfield><datafield ind1=" " ind2=" " tag="010"><subfield code="a">sn 86014002 </subfield></datafield><datafield ind1=" " ind2=" " tag="040"><subfield code="a">VTU</subfield><subfield code="b">eng</subfield><subfield code="c">VTU</subfield><subfield code="d">AIP</subfield><subfield code="d">NSD</subfield><subfield code="d">OCL</subfield><subfield code="d">OCLCQ</subfield><subfield code="d">OCLCO</subfield><subfield code="d">VTU</subfield><subfield code="d">OCLCF</subfield></datafield><datafield ind1="0" ind2=" " tag="022"><subfield code="a">0887-5243</subfield><subfield code="l">0887-5243</subfield><subfield code="2">1</subfield></datafield><datafield ind1="1" ind2=" " tag="029"><subfield code="a">AU@</subfield><subfield code="b">000024514784</subfield></datafield><datafield ind1=" " ind2=" " tag="042"><subfield code="a">nsdp</subfield></datafield><datafield ind1=" " ind2=" " tag="043"><subfield code="a">n-us-vt</subfield></datafield><datafield ind1="1" ind2=" " tag="082"><subfield code="a">070</subfield><subfield code="2">11</subfield></datafield><datafield ind1=" " ind2=" " tag="090"><subfield code="a">LH1.V4</subfield><subfield code="b">P35</subfield></datafield><datafield ind1="0" ind2=" " tag="210"><subfield code="a">Palimpsest</subfield><subfield code="b">(Burlingt. Vt.)</subfield></datafield><datafield ind1=" " ind2="0" tag="222"><subfield code="a">Palimpsest</subfield><subfield code="b">(Burlington, Vt.)</subfield></datafield><datafield ind1="0" ind2="0" tag="245"><subfield code="a">Palimpsest.</subfield></datafield><datafield ind1=" " ind2=" " tag="260"><subfield code="a">[Burlington, Vt.]</subfield><subfield code="b">Journalism Program, Living/Learning Center, University of Vermont,</subfield><subfield code="c">1978-1979.</subfield></datafield><datafield ind1=" " ind2=" " tag="300"><subfield code="a">1 v.</subfield><subfield code="b">ill.</subfield><subfield code="c">41 cm.</subfield></datafield><datafield ind1="0" ind2=" " tag="362"><subfield code="a">v. 1; [Oct. 1978]-Mar. 1979.</subfield></datafield><datafield ind1="2" ind2="0" tag="610"><subfield code="a">University of Vermont</subfield><subfield code="x">Students</subfield><subfield code="v">Newspapers.</subfield></datafield><datafield ind1="2" ind2="0" tag="610"><subfield code="a">University of Vermont</subfield><subfield code="v">Newspapers.</subfield></datafield><datafield ind1=" " ind2="0" tag="650"><subfield code="a">College student newspapers and periodicals</subfield><subfield code="z">Vermont</subfield><subfield code="z">Burlington.</subfield></datafield><datafield ind1=" " ind2="7" tag="655"><subfield code="a">Newspapers.</subfield><subfield code="2">fast</subfield><subfield code="0">(OCoLC)fst01423814</subfield></datafield><datafield ind1="2" ind2="7" tag="610"><subfield code="a">University of Vermont.</subfield><subfield code="2">fast</subfield><subfield code="0">(OCoLC)fst00510217</subfield></datafield><datafield ind1=" " ind2="7" tag="650"><subfield code="a">College student newspapers and periodicals.</subfield><subfield code="2">fast</subfield><subfield code="0">(OCoLC)fst00867966</subfield></datafield><datafield ind1=" " ind2="7" tag="650"><subfield code="a">Students.</subfield><subfield code="2">fast</subfield><subfield code="0">(OCoLC)fst01136041</subfield></datafield><datafield ind1=" " ind2="7" tag="651"><subfield code="a">Vermont</subfield><subfield code="z">Burlington.</subfield><subfield code="2">fast</subfield><subfield code="0">(OCoLC)fst01207603</subfield></datafield><datafield ind1="2" ind2=" " tag="710"><subfield code="a">University of Vermont.</subfield><subfield code="b">Living-Learning Center.</subfield><subfield code="b">Journalism Program.</subfield></datafield><datafield ind1=" " ind2=" " tag="936"><subfield code="a">Mar. 1979</subfield></datafield></record>